<?xml version="1.0" encoding="UTF-8"?><collection><record><leader>07657ntm a2200733 a 4500</leader><controlfield tag="001">006813669</controlfield><controlfield tag="003">MiAaHDL</controlfield><controlfield tag="005">20190719000000.0</controlfield><controlfield tag="006">m        d        </controlfield><controlfield tag="007">cr bn ---auaua</controlfield><controlfield tag="008">090606s15uu    xx            00| ||per d</controlfield><datafield tag="035" ind1=" " ind2=" "><subfield code="a">(MiU)006813669</subfield></datafield><datafield tag="035" ind1=" " ind2=" "><subfield code="a">sdr-miu006813669</subfield></datafield><datafield tag="040" ind1=" " ind2=" "><subfield code="a">MiU</subfield><subfield code="c">MiU</subfield><subfield code="e">amremm</subfield></datafield><datafield tag="043" ind1=" " ind2=" "><subfield code="a">n-us-mi</subfield></datafield><datafield tag="100" ind1="0" ind2=" "><subfield code="6">880-01</subfield><subfield code="a">Saʻdī.</subfield></datafield><datafield tag="240" ind1="1" ind2="0"><subfield code="6">880-02</subfield><subfield code="a">Gulistān</subfield></datafield><datafield tag="245" ind1="1" ind2="0"><subfield code="6">880-03</subfield><subfield code="a">[Kitāb-i Gulistān ...etc.,</subfield><subfield code="f">16th century?].</subfield></datafield><datafield tag="246" ind1="3" ind2=" "><subfield code="i">Title from close on p.228</subfield><subfield code="a">كتاب كلستان</subfield></datafield><datafield tag="246" ind1="3" ind2=" "><subfield code="i">Edge title (tail):</subfield><subfield code="a">كلستان</subfield></datafield><datafield tag="260" ind1=" " ind2=" "><subfield code="c">[15--?].</subfield></datafield><datafield tag="300" ind1=" " ind2=" "><subfield code="a">122 leaves :</subfield><subfield code="b">paper ;</subfield><subfield code="c">226 x 140 (138 x 72) mm.</subfield></datafield><datafield tag="500" ind1=" " ind2=" "><subfield code="a">Shelfmark: Ann Arbor, University of Michigan, Special Collections Library, Isl. Ms. 308</subfield></datafield><datafield tag="500" ind1=" " ind2=" "><subfield code="a">Origin: As appears in colophon on p.249, copied by Muḥammad Amīn al-Ḥusaynī al-Tirmidhī (al-Tirmiẕī) [?] ( محمد امين الحسينى الترمذى ). Date of transcription not specified but decoration, hand, paper etc. suggest 16th century.</subfield></datafield><datafield tag="500" ind1=" " ind2=" "><subfield code="a">Accompanying materials: a. Slip with verses (paginated pp.55-56) -- b. Slip with short note (paginated pp.75-76) -- c. Slip with calculations and date of 1219 [1804 or 5] (paginated pp.121-122).</subfield></datafield><datafield tag="500" ind1=" " ind2=" "><subfield code="a">Former shelfmark: "113 T. De M. [i.e. Tammaro De Marinis]" inscribed in pencil on recto of front flyleaf.</subfield></datafield><datafield tag="500" ind1=" " ind2=" "><subfield code="a">Binding: Pasteboards covered in deep red leather ; Type II binding (with flap), possibly two piece binding ; board linings in light pink-tinted paper ; upper and lower covers carry gold-tooled border and rosette corner accents ; sewn in dark pink / red thread, two stations, failing with many gatherings loose ; worked chevron endbands in dark pink and yellow, fair condition with some damage ; overall in somewhat poor condition with abrasion, staining, lifting and losses of leather to spine, upper cover detaching at spine, envelope flap detaching at fore edge flap, etc. ; pieced repairs in dark red-brown leather at board corners, spine, joints, etc.</subfield></datafield><datafield tag="500" ind1=" " ind2=" "><subfield code="a">Support: non-European laid paper with roughly 6 laid lines per cm. (vertical, quite diffuse) and no chain lines visible, cloudy formation, dark cream in color, quite sturdy and well-burnished ; staining and tidelines.</subfield></datafield><datafield tag="500" ind1=" " ind2=" "><subfield code="a">Decoration: Exquisite illuminated headpiece (ʻunwān / sarlawḥ) at opening on p.2 consisting of large rectangular piece with empty gold cartouche and pendants surrounded by swirling arabesque with floral motifs (in gold, white, pink, yellow, orange, and red on a lapis lazuli ground) with accent and cornerpieces in gold, black and red and border in turquoise, surmounted by a scalloped semi-circular piece (dome) filled with same swirling arabesque design on fields of lapis lazuli and gold, itself surmounted by vertical stalks (tīgh) in blue ; keywords rubricated ; textual dividers in the form of red inverted commas and gold discs ; central written area surrounded by frame consisting of heavy gold band defined by black fillets, margins and divisions within written area also outlined in gold rules ; central (and in some places marginal) written area gold-flecked.</subfield></datafield><datafield tag="500" ind1=" " ind2=" "><subfield code="a">Script: Nastaʻlīq (talik) ; elegant hand ; serifless with effect of words descending to baseline, elongation of horizontal strokes, mainly closed counters, pointing in distinct dots.</subfield></datafield><datafield tag="500" ind1=" " ind2=" "><subfield code="a">Layout: Written in 15 lines per page, with up to 32 lines on the diagonal in the margin ; frame-ruled ; written area occasionally divided to two columns to set off verses.</subfield></datafield><datafield tag="500" ind1=" " ind2=" "><subfield code="a">Collation: ii, 15 IV(120), I (122) ; almost exclusively quaternions ; catchwords present for marginal text (mainly Būstān) ; pagination in pencil, Western numerals (includes inserts).</subfield></datafield><datafield tag="500" ind1=" " ind2=" "><subfield code="a">Colophon: "Scribal," in Arabic, reads "كتبه الفقير الحقير محمد امين الحسينى الترمدى [الترمذي ؟] غفر ذنوبه و ستر عيوبه"</subfield></datafield><datafield tag="500" ind1=" " ind2=" "><subfield code="a">Explicit: "و الحمد لله وحده در خاتم كتاب كلستان و الله المستعان بتوفيق بارى تعالى درين جمله چنانكه عادت مولفانست ز شعر متقدمان بطريق استعارت تلفيقى نرفت ... واطلب لنفسك من خير تريد به من بعد ذلك غفرانا لصاحبه حكايت آورده اند كه حاتم اصم از شاكردان و ميردان شيخ بود ... چون تصانيف و رسايل نظم شيخ سعدى مشهور و معروف است شروع در ذكران نكرديم والسلام"</subfield></datafield><datafield tag="500" ind1=" " ind2=" "><subfield code="a">Incipit: [Gulistān] "منت خدایرا عز و جل که طاعتش موجب قربتست..." ; [Būstān] "بنام خداوند جان آفرین حکیم سخن در زبان آفرین خداوند بخشنده ی دستگیر کریم خطا بخش پوزش پذیر عزیزی که هر کز درش سر بتافت ..."</subfield></datafield><datafield tag="500" ind1=" " ind2=" "><subfield code="a">Title supplied by cataloguer.</subfield></datafield><datafield tag="500" ind1=" " ind2=" "><subfield code="a">Ms. codex.</subfield></datafield><datafield tag="510" ind1="4" ind2=" "><subfield code="a">Rypka,</subfield><subfield code="c">p. 251-253</subfield></datafield><datafield tag="510" ind1="4" ind2=" "><subfield code="a">Browne,</subfield><subfield code="c">v. ii, p.525-532</subfield></datafield><datafield tag="510" ind1="4" ind2=" "><subfield code="a">Cat. Pers. MSS Brit. Mus.,</subfield><subfield code="c">p.595 ff.</subfield></datafield><datafield tag="520" ind1="8" ind2=" "><subfield code="a">Elegant copy of the Gulistān, celebrated collection of moralizing anecdotes in rhymed prose interspersed with verse (maqāmah form), composed in 1258 by the renowned Persian poet and prose writer, Saʻdī (d.1292). Accompanied by the text of his Būstān in the margins and followed by further ḥikāyat, Risālah-ʼyi dah qāʻidah of Sayyid ʻAlī Hamadānī (d.1385) and a manqabat for Shaykh Saʻdī (see pp.228-249).</subfield></datafield><datafield tag="538" ind1=" " ind2=" "><subfield code="a">Mode of access: Internet.</subfield></datafield><datafield tag="541" ind1=" " ind2=" "><subfield code="c">Purchase ;</subfield><subfield code="a">Acquired by purchase (funds donated by Horace Rackham).</subfield><subfield code="d">1924.</subfield></datafield><datafield tag="546" ind1=" " ind2=" "><subfield code="a">Persian.</subfield></datafield><datafield tag="561" ind1=" " ind2=" "><subfield code="a">Inscription in pencil "113 T. De. M. [i.e. Tammaro De Marinis]" on front flyleaf ; ownership statement in name of Mustafa Reşit ( مصطفى رشيد / Muṣṭafá Rashīd), son of the grand vezir Mehmet Emin Âli Paşa, statement dated 29 Shawwāl 1286 [February 1870], reads "من كتب الفقير الى الاء ربه المجيد السيد مصطفى رشيد مخدوم وزير اعظم سيد محمد امين عالى پاشا في ٢٩ ل سنه ٢٨٦" (compare statements and seal impressions in other manuscripts, including Isl. Ms. 371 and Isl. Ms. 389, along with Isl. Ms. 226, Isl. Ms. 399 and Isl. Ms. 409).</subfield></datafield><datafield tag="650" ind1=" " ind2="0"><subfield code="a">Manuscripts, Persian</subfield><subfield code="z">Michigan</subfield><subfield code="z">Ann Arbor.</subfield></datafield><datafield tag="650" ind1=" " ind2="0"><subfield code="a">Sufi poetry, Persian</subfield><subfield code="v">Early works to 1800.</subfield></datafield><datafield tag="650" ind1=" " ind2="0"><subfield code="a">Persian poetry</subfield><subfield code="y">747-1500.</subfield></datafield><datafield tag="655" ind1=" " ind2="7"><subfield code="a">Headpieces (layout features)</subfield><subfield code="y">16th century.</subfield><subfield code="2">aat</subfield></datafield><datafield tag="700" ind1="0" ind2=" "><subfield code="a">Abdülhamid</subfield><subfield code="b">II,</subfield><subfield code="c">Sultan of the Turks,</subfield><subfield code="d">1842-1918,</subfield><subfield code="e">former owner.</subfield></datafield><datafield tag="700" ind1="0" ind2=" "><subfield code="a">مصفطى رشيد،</subfield><subfield code="e">مالك سابق.</subfield></datafield><datafield tag="700" ind1="0" ind2=" "><subfield code="a">Mustafa Reşit,</subfield><subfield code="d">fl. 1870,</subfield><subfield code="e">former owner.</subfield></datafield><datafield tag="700" ind1="0" ind2=" "><subfield code="6">880-07</subfield><subfield code="a">Muḥammad Amīn al-Ḥusaynī al-Tirmiẕī,</subfield><subfield code="e">scribe.</subfield></datafield><datafield tag="700" ind1="1" ind2="2"><subfield code="6">880-05</subfield><subfield code="a">Hamadhānī, ʻAlī ibn Muḥammad,</subfield><subfield code="d">1314-1385.</subfield><subfield code="t">Risālah-ʼyi dah qāʻidah.</subfield></datafield><datafield tag="700" ind1="0" ind2="2"><subfield code="6">880-04</subfield><subfield code="a">Saʻdī.</subfield><subfield code="t">Būstān.</subfield></datafield><datafield tag="740" ind1="0" ind2="2"><subfield code="a">ده قاعدۀ سید علی همدانی</subfield></datafield><datafield tag="740" ind1="0" ind2="2"><subfield code="a">Dah qāʻidahʼ-yi Sayyid ʻAlī Hamadānī</subfield></datafield><datafield tag="773" ind1="0" ind2=" "><subfield code="a">Abdul Hamid Collection.</subfield></datafield><datafield tag="880" ind1="0" ind2=" "><subfield code="6">700-07/</subfield><subfield code="a">محمد امين الحسينى الترمذى,</subfield><subfield code="e">ناسخ.</subfield></datafield><datafield tag="880" ind1="1" ind2="2"><subfield code="6">700-05/</subfield><subfield code="a">همدانى، على بن محمد.</subfield><subfield code="t">رسالۀ ده قاعده.</subfield></datafield><datafield tag="880" ind1="0" ind2="2"><subfield code="6">700-04/</subfield><subfield code="a">سعدى.</subfield><subfield code="t">بوستان.</subfield></datafield><datafield tag="880" ind1="1" ind2="0"><subfield code="6">245-03/</subfield><subfield code="a">[كتاب گلستان ... الخ,</subfield><subfield code="f">قرن 16م؟].</subfield></datafield><datafield tag="880" ind1="1" ind2="0"><subfield code="6">240-02/</subfield><subfield code="a">گلستان</subfield></datafield><datafield tag="880" ind1="0" ind2=" "><subfield code="6">100-01/</subfield><subfield code="a">سعدى.</subfield></datafield><datafield tag="CID" ind1=" " ind2=" "><subfield code="a">006813669</subfield></datafield><datafield tag="DAT" ind1="0" ind2=" "><subfield code="a">20190719102638.0</subfield><subfield code="b">20190719000000.0</subfield></datafield><datafield tag="DAT" ind1="1" ind2=" "><subfield code="a">20190719090653.0</subfield><subfield code="b">2019-07-19T16:11:51Z</subfield></datafield><datafield tag="DAT" ind1="2" ind2=" "><subfield code="a">2015-10-02T18:00:03Z</subfield></datafield><datafield tag="CAT" ind1=" " ind2=" "><subfield code="a">SDR-MIU</subfield><subfield code="d">EX LIBRIS - ALEPH</subfield><subfield code="l">prepare.pl-004-008</subfield></datafield><datafield tag="FMT" ind1=" " ind2=" "><subfield code="a">BK</subfield></datafield><datafield tag="HOL" ind1=" " ind2=" "><subfield code="0">sdr-miu006813669</subfield><subfield code="a">MiU</subfield><subfield code="b">SDR</subfield><subfield code="c">MIU</subfield><subfield code="p">mdp.39015079128537</subfield><subfield code="s">MIU</subfield><subfield code="1">006813669</subfield></datafield><datafield tag="974" ind1=" " ind2=" "><subfield code="b">MIU</subfield><subfield code="c">MIU</subfield><subfield code="d">20190719</subfield><subfield code="s">lit-dlps-dc</subfield><subfield code="u">mdp.39015079128537</subfield><subfield code="y">1599</subfield><subfield code="r">pd</subfield><subfield code="q">bib</subfield><subfield code="t">non-US bib date1 &lt; 1896</subfield></datafield></record></collection>